@misc{Puyo2020Realtime,
  doi = {10.48550/ARXIV.2004.00923},
  url = {https://arxiv.org/abs/2004.00923},
  author = {Puyo, Leo and Bellonnet-Mottet, Loic and Martin, Antoine and Te, Francois and Paques, Michel and Atlan, Michael},
  title = {Real-time digital holography of the retina by principal component analysis},
  publisher = {arXiv},
  year = {2020},
}

@article{samson2011video,
  title={Video-rate laser Doppler vibrometry by heterodyne holography},
  author={Samson, Benjamin and Verpillat, Fr{\'e}d{\'e}ric and Gross, Michel and Atlan, Michael},
  journal={Optics letters},
  volume={36},
  number={8},
  pages={1449--1451},
  year={2011},
  publisher={Optica Publishing Group}
}

@article{Puyo2018Vivo,
  title={In vivo laser Doppler holography of the human retina},
  author={Puyo, L and Paques, M and Fink, M and Sahel, J-A and Atlan, Michael},
  journal={Biomedical optics express},
  volume={9},
  number={9},
  pages={4113--4129},
  year={2018},
  publisher={Optical Society of America}
}

@article{Bencteux2015Holographic,
  title={Holographic laser Doppler imaging of pulsatile blood flow},
  author={Bencteux, Jeffrey and Pagnoux, Pierre and Kostas, Thomas and Bayat, Sam and Atlan, Michael},
  journal={Journal of Biomedical Optics},
  volume={20},
  number={6},
  pages={066006},
  year={2015},
  publisher={International Society for Optics and Photonics}
}

@article{Puyo2020Spatio,
  title={Spatio-temporal filtering in laser Doppler holography for retinal blood flow imaging},
  author={Puyo, L{\'e}o and Paques, Michel and Atlan, Michael},
  journal={Biomedical Optics Express},
  volume={11},
  number={6},
  pages={3274--3287},
  year={2020},
  publisher={Optical Society of America}
}

@article{Leutenegger2011Real,
    author = {Leutenegger, Marcel and Martin-Williams, Erica and Harbi, Pascal and Thacher, Tyler and Raffoul, Wassim and André, Marc and Lopez, Antonio and Lasser, Philippe and Lasser, Theo},
    year = {2011},
    month = {06},
    pages = {1470-7},
    title = {Real-time Full Field Laser Doppler Imaging},
    volume = {2},
    journal = {Biomedical optics express},
    doi = {10.1364/BOE.2.001470}
}

@article{Pellizzari2016High,
  title={High speed optical holography of retinal blood flow},
  author={Pellizzari, Mathilde and Simonutti, Manuel and Degardin, Julie and Sahel, J-A and Fink, Mathias and Paques, Michel and Atlan, Michael},
  journal={Optics letters},
  volume={41},
  number={15},
  pages={3503--3506},
  year={2016},
  publisher={Optical Society of America}
}

@article{Hillmann2016,
author={Dierck Hillmann and Hendrik Spahr and Carola Hain and Helge Sudkamp and Gesa Franke and Clara Pfäffle and Christian Winter and Gereon Hüttmann},
title={Aberration-free volumetric high-speed imaging of in vivo retina}, 
journal={Scientific reports}, 
  volume={6},
  number={1},
  pages={1-11},
  year={2016},
  publisher={Nature}
  }
  
  @article{tomczewski2022light,
  title={Light-adapted flicker optoretinograms captured with a spatio-temporal optical coherence-tomography (STOC-T) system},
  author={Tomczewski, S{\l}awomir and W{\k{e}}grzyn, Piotr and Borycki, Dawid and Auksorius, Egidijus and Wojtkowski, Maciej and Curatolo, Andrea},
  journal={Biomedical Optics Express},
  volume={13},
  number={4},
  pages={2186--2201},
  year={2022},
  publisher={Optica Publishing Group}
}

@article{shimobaba2012computational,
  title={Computational wave optics library for C++: CWO++ library},
  author={Shimobaba, Tomoyoshi and Weng, Jiantong and Sakurai, Takahiro and Okada, Naohisa and Nishitsuji, Takashi and Takada, Naoki and Shiraki, Atsushi and Masuda, Nobuyuki and Ito, Tomoyoshi},
  journal={Computer Physics Communications},
  volume={183},
  number={5},
  pages={1124--1138},
  year={2012},
  publisher={Elsevier}
}

@article{kumar2013subaperture,
  title={Subaperture correlation based digital adaptive optics for full field optical coherence tomography},
  author={Kumar, Abhishek and Drexler, Wolfgang and Leitgeb, Rainer A},
  journal={Optics express},
  volume={21},
  number={9},
  pages={10850--10866},
  year={2013},
  publisher={Optica Publishing Group}
}

@article{hara2022design,
  title={Design and Implementation of Special-Purpose Computer for Incoherent Digital Holography},
  author={Hara, Takayuki and Kakue, Takashi and Shimobaba, Tomoyoshi and Ito, Tomoyoshi},
  journal={IEEE Access},
  volume={10},
  pages={76906--76912},
  year={2022},
  publisher={IEEE}
}

@article{yamamoto2020special,
  title={Special-purpose computer for digital holographic high-speed three-dimensional imaging},
  author={Yamamoto, Yota and Namba, Shintaro and Kakue, Takashi and Shimobaba, Tomoyoshi and Ito, Tomoyoshi and Masuda, Nobuyuki},
  journal={Optical Engineering},
  volume={59},
  number={5},
  pages={054105},
  year={2020},
  publisher={SPIE}
}

@article{hillmann2012common,
  title={Common approach for compensation of axial motion artifacts in swept-source OCT and dispersion in Fourier-domain OCT},
  author={Hillmann, Dierck and Bonin, Tim and L{\"u}hrs, Christian and Franke, Gesa and Hagen-Eggert, Martin and Koch, Peter and H{\"u}ttmann, Gereon},
  journal={Optics express},
  volume={20},
  number={6},
  pages={6761--6776},
  year={2012},
  publisher={Optica Publishing Group}
}

@article{javidi2021roadmap,
  title={Roadmap on digital holography},
  author={Javidi, Bahram and Carnicer, Artur and Anand, Arun and Barbastathis, George and Chen, Wen and Ferraro, Pietro and Goodman, JW and Horisaki, Ryoichi and Khare, Kedar and Kujawinska, Malgorzata and others},
  journal={Optics Express},
  volume={29},
  number={22},
  pages={35078--35118},
  year={2021},
  publisher={Optical Society of America}
}

@article{spahr2019phase,
  title={Phase-sensitive interferometry of decorrelated speckle patterns},
  author={Spahr, Hendrik and Pf{\"a}ffle, Clara and Burhan, Sazan and Kutzner, Lisa and Hilge, Felix and H{\"u}ttmann, Gereon and Hillmann, Dierck},
  journal={Scientific reports},
  volume={9},
  number={1},
  pages={1--15},
  year={2019},
  publisher={Nature Publishing Group}
}